@manual{V102,
  author = {TU Dortmund},
  title = {V102 - Drehschwingungen},
  year = 2018
}
@online{G-stahl,
  author ={LUMITOS AG},
  title = {Schubmodul},
  date ={2018},
  url = {http://www.chemie.de/lexikon/Schubmodul.html}
}
